<?xml version="1.0" encoding="UTF-8"?><collection xmlns="http://www.loc.gov/MARC21/slim"><record><leader>00432nam--2200145-i-4500</leader><controlfield tag="001">000048293</controlfield><controlfield tag="002">20161230</controlfield><controlfield tag="005">20170113151828</controlfield><controlfield tag="008">060222s1000------------r-----000-0-eng-d</controlfield><datafield ind1=" " ind2=" " tag="080"><subfield code="a">533.3:621.52</subfield></datafield><datafield ind1=" " ind2=" " tag="245"><subfield code="a">Institutute Of Physics And Physicl Society Conference Series, No. 5,6</subfield></datafield><datafield ind1=" " ind2=" " tag="260"><subfield code="a">London</subfield><subfield code="b">The Institute Of Physics And The Physical Society</subfield><subfield code="c">1968</subfield></datafield><datafield ind1=" " ind2=" " tag="300"><subfield code="a">XVI + 827 p</subfield></datafield><datafield ind1=" " ind2=" " tag="852"><subfield code="a">33231</subfield></datafield><datafield ind1=" " ind2=" " tag="CAT"><subfield code="a">SYS</subfield><subfield code="c">20170113</subfield><subfield code="h">151828</subfield></datafield></record></collection>